@book{Meyer_Tarrow_1998, 
 address={Lanham, MD}, 
 title={The social movement society: contentious politics for a new century}, 
 ISBN={978-0-8476-8540-0}, 
 publisher={Rowman \& Littlefield}, 
 author={Meyer, David S. and Tarrow, Sidney G.}, 
 year={1998}}

@book{Dalton_Wattenberg_2000, 
 address={Oxford; New York}, 
 title={Parties Without Partisans: Political Change in Advanced Industrial Democracies}, 
 ISBN={978-0-19-924082-1}, 
 publisher={Oxford  University Press}, 
 year={2000}, 
 editor = {Dalton, Russell J. and Wattenberg, Martin P.}}

@article{Rohrschneider_1993, 
title={Impact of Social Movements on European Party Systems}, 
DOI={10.1177/0002716293528001012}, 
journal={The ANNALS of the American Academy of Political and Social Science}, 
author={Rohrschneider, Robert}, 
pages={157–170}, 
volume={528}, 
number={1},
year={1993}}

@book{deVries_Hobolt_2020, 
address={Princeton}, 
title={Political entrepreneurs the rise of challenger parties in {Europe}}, 
ISBN={978-0-691-20654-7}, 
publisher={Princeton University Press}, 
author={De Vries, Catherine E. and Hobolt, Sara Binzer}, 
year={2020}}

@article{Emanuele_Chiaramonte_Soare_2020, 
title={Does the Iron Curtain Still Exist? The Convergence in Electoral Volatility between Eastern and Western Europe}, 
volume={55}, 
number={2}, 
DOI={10.1017/gov.2018.25},
journal={Government and Opposition}, 
author={Emanuele, Vincenzo and Chiaramonte, Alessandro and Soare, Sorina}, 
year={2020}, 
pages={308–326} }

@article{Berman_2021, 
title={The Causes of Populism in the West}, 
volume={24}, 
DOI={10.1146/annurev-polisci-041719-102503}, 
number={1}, 
journal={Annual Review of Political Science}, 
author={Berman, Sheri}, 
year={2021}, 
pages={71–88} }

@article{Hooghe_Marks_2018, 
title={Cleavage theory meets Europe’s crises: Lipset, Rokkan, and the transnational cleavage}, 
volume={25}, 
DOI={10.1080/13501763.2017.1310279},
number={1}, 
journal={Journal of European Public Policy}, author={Hooghe, Liesbet and Marks, Gary}, 
year={2018}, 
pages={109–135} }

@inbook{Kirchheimer_1966, 
address={Princeton, N.J.}, 
title={The Transformation of the Western European Party Systems}, 
ISBN={978-0-691-64849-1}, 
booktitle={Political Parties and Political Development. (SPD-6)}, 
publisher={Princeton University Press}, 
author={Kirchheimer, Otto}, 
year={1966}, pages={177–200}, 
collection={Studies in Political Development} }

@article{Krouwel_2003, 
title={Otto Kirchheimer and the catch-all party}, 
volume={26}, 
DOI={10.1080/01402380512331341091}, 
number={2}, 
journal={West European Politics}, 
author={Krouwel, André}, 
year={2003}, 
pages={23–40} }

@article{Abou-Chadi_Wagner_2019, 
title={The Electoral Appeal of Party Strategies in Postindustrial Societies: When Can the Mainstream Left Succeed?}, 
volume={81}, 
DOI={10.1086/704436},  
number={4}, 
journal={The Journal of Politics}, 
publisher={The University of Chicago Press}, 
author={Abou-Chadi, Tarik and Wagner, Markus}, 
year={2019}, 
pages={1405–1419} }

@book{Bale_Kaltwasser_2021, 
address={Cambridge}, 
title={Riding the populist wave Europe’s mainstream right in crisis}, 
ISBN={978-1-00-900686-6}, 
publisher={Cambridge University Press}, 
editor={Bale, Tim and Kaltwasser, Cristóbal Rovira}, 
year={2021} }

@article{Rucht_Neidhardt_2002, 
  title={Towards a ``Movement Society''? On the possibilities of institutionalizing social movements}, 
  doi={10.1080/14742830120118873},
  volume={1}, 
  number={1}, 
  journal={Social Movement Studies}, 
  author={Rucht, Dieter and Neidhardt, Friedhelm}, 
  year={2002}, 
  pages={7–30}}

@book{giugni_grasso_2019a,
    address = {Cambridge},
    title = {Street citizens protest politics and social movement activism in the age of globalization},
    isbn = {978-1-108-69345-5},
    publisher = {Cambridge University Press},
    author = {Giugni, Marco and Grasso, Maria Teresa},
    year = {2019}}

@article{Dalton_2008,
 title={Citizenship Norms and the Expansion of Political Participation}, 
 volume={56}, 
 number={1}, 
 journal={Political Studies}, 
 author={Dalton, Russell J.}, 
 doi={10.1111/j.1467-9248.2007.00718.x},
 year={2008}, 
 pages={76–98}}

@article{Hutter_Borbath_2019, 
title={Challenges from left and right: the long-term dynamics of protest and electoral politics in {Western Europe}}, 
volume={21}, 
doi={10.1080/14616696.2018.1494299},
number={4}, 
journal={European Societies}, 
author={Hutter, Swen and Borb\'{a}th, Endre}, 
year={2019}, 
pages={487–512}}

@article{Nonnemacher_2022, 
title={Representational deprivation: niche parties, niche voters and political protest}, 
volume={online first}, 
DOI={10.1080/01402382.2022.2040237}, 
journal={West European Politics}, 
author={Nonnemacher, Jeffrey}, 
year={2022}}

@article{Kurer_et_al_2019, 
 title={Economic grievances and political protest}, 
 volume={58}, 
 DOI={10.1111/1475-6765.12318}, 
 number={3}, 
 journal={European Journal of Political Research}, 
 author={Kurer, Thomas and H\"{a}usermann, Silja and Wüest, Bruno and Enggist, Matthias}, 
 year={2019}, 
 pages={866–892} }

@article{McAdam_Tarrow_2010, 
title={Ballots and Barricades: On the Reciprocal Relationship between Elections and Social Movements}, 
volume={8}, 
DOI={10.1017/S1537592710001234}, 
number={2}, 
journal={Perspectives on Politics}, 
author={McAdam, Doug and Tarrow, Sidney}, 
year={2010}, 
pages={529–542} }

@inproceedings{Hutter_Lorenzini_Kriesi_2019, 
title={Social Movements in Interaction with Political Parties}, 
ISBN={978-1-119-16857-7}, 
booktitle={The Wiley Blackwell Companion to Social Movements}, 
publisher={Wiley Blackwell}, 
author={Hutter, Swen and Lorenzini, Jasmine and Kriesi, Hanspeter}, 
editor={Snow, David A. and Soule, Sarah A. and Kriesi, Hanspeter and McCammon, Holly J.}, 
year={2019}, 
pages={322–337} }

@article{Blings_2020, 
title={Niche Parties and Social Movements: Mechanisms of Programmatic Alignment and Party Success}, 
volume={55}, 
DOI={10.1017/gov.2018.18}, 
number={2}, 
journal={Government and Opposition}, 
author={Blings, Steffen}, 
year={2020}, 
pages={220–240} }

@article{Kim_Solt_2017, 
title={The dynamics of party relabeling: Why do parties change names?}, 
volume={23}, 
DOI={10.1177/1354068815603240}, 
number={4}, 
journal={Party Politics}, 
author={Kim, Mi-son and Solt, Frederick}, 
year={2017}, 
pages={437–447} }

@article{Ibenskas_Sikk_2017, 
title={Patterns of party change in Central and Eastern Europe, 1990–2015}, 
volume={23}, 
number={1}, 
journal={Party Politics}, 
author={Ibenskas, Raimondas and Sikk, Allan}, 
year={2017}, 
pages={43–54} }

@article{Winther_2016, 
title={Measuring Political Brands: An Art and a Science of Mapping the Mind}, 
volume={15}, 
DOI={10.1080/15377857.2014.959682},
number={1}, 
journal={Journal of Political Marketing}, 
author={Winther Nielsen, Sigge}, 
year={2016}, 
pages={70–95} }

 @book{Kriesi_Pappas_2015, 
 address={Colchester}, 
 title={Populism in the Shadow of the Great Recession}, 
 publisher={ECPR Press}, 
 author={Kriesi, Hanspeter and Pappas, Takis}, 
 year={2015} }


@inproceedings{Mainwaring_et_al_2006, 
 address={Stanford, Calif}, 
 booktitle={The crisis of democratic representation in the Andes},
 title={The Crisis of Democratic Representation in the Andes: An Overview},
 ISBN={978-0-8047-5278-7}, 
 publisher={Stanford University Press},
 editor={Mainwaring, Scott and Bejarano, Ana María and Pizarro Leongómez, Eduardo},
 author={Mainwaring, Scott and Bejarano, Ana María and Pizarro Leongómez, Eduardo},
 year={2006} }

@article{Katz_Mair_1995, 
 title={Changing Models of Party Organization and Party Democracy The Emergence of the Cartel Party}, 
 volume={1}, 
 DOI={10.1177/1354068895001001001}, 
number={1}, 
journal={Party Politics}, 
author={Katz, Richard S. and Mair, Peter}, 
year={1995}, 
pages={5–28} }

 @book{Duverger_1954, 
 address={London}, 
 ISBN = {978-0-4165-6840-0},
 title={Political parties: their organization and activity in the modern state}, 
 publisher={Methuen \& Co}, 
 author={Duverger, Maurice}, 
 year={1954} }

@article{Kitschelt_2000a, 
title={Linkages between citizens and politicians in democratic polities}, 
DOI={10.1177/001041400003300607}, 
volume={33}, 
number={6–7}, 
journal={Comparative Political Studies},
author={Kitschelt, Herbert}, 
year={2000}, 
pages={845–879} }

 @article{Kitschelt_2000b, 
 title={Citizens, politicians, and party cartellization: Political representation and state failure in post–industrial democracies}, 
 volume={37}, 
 DOI={10.1111/1475-6765.00508}, 
 number={2}, 
 journal={European Journal of Political Research}, 
 author={Kitschelt, Herbert}, 
 year={2000}, 
 pages={149–179} }

@inproceedings{Schmitter_2001, 
address={Baltimore, MD}, 
series={Journal of democracy book}, 
title={Parties are not what they once were},
ISBN={0-8018-6863-7}, 
booktitle={Political parties and democracy}, 
publisher={Johns Hopkins University Press}, 
author={Schmitter, Philippe}, 
editor={Diamond, Larry Jay and Gunther, Richard}, 
year={2001}, 
pages={67–89}, 
collection={Journal of democracy book} }

@book{Kriesi_et_al_2008, 
address={New York}, 
title={West European politics in the age of globalization}, 
ISBN={978-0-521-89557-6}, 
publisher={Cambridge University Press}, 
author={Kriesi, Hanspeter and Grande, Edgar and Lachat, Romain and Dolezal, Martin and Bornschier, Simon and Frey, Timotheos}, 
year={2008} }

@book{Lupu_2016, 
address={Cambridge}, 
title={Party Brands in Crisis: Partisanship, Brand Dilution, and the Breakdown of Political Parties in Latin America}, 
ISBN={978-1-107-07360-9}, 
publisher={Cambridge University Press}, 
author={Lupu, Noam}, 
year={2016} }

@book{Roberts_2009, 
address={New York}, 
title={The quality of democracy in Eastern Europe: public preferences and policy reforms}, 
ISBN={978-0-521-11033-4}, 
publisher={Cambridge University Press}, 
author={Roberts, Andrew Lawrence}, 
year={2009} }

@book{Moufahim_2022, 
address={Cham}, 
title={Political Branding in Turbulent times}, 
ISBN={978-3-030-83228-5}, 
DOI={10.1007/978-3-030-83229-2}, 
publisher={Springer International Publishing}, 
author={Moufahim, Mona},
year={2022}}

@article{Della_Porta_2008, 
title={Eventful Protest, Global Conflicts}, 
volume={9}, 
DOI={10.1080/1600910X.2008.9672963},
number={2},
journal={Distinktion: Journal of Social Theory}, 
author={della Porta, Donatella}, 
year={2008}, 
pages={27–56} }

@book{Tarrow_2021, 
address={Cambridge}, 
series={Cambridge Studies in Contentious Politics}, 
title={Movements and Parties: Critical Connections in American Political Development}, 
ISBN={978-1-316-51555-6}, 
publisher={Cambridge University Press}, 
author={Tarrow, Sidney}, 
year={2021}}

@inproceedings{Kitschelt_2006, 
address={London; Thousand Oaks, Calif.}, 
title={Movement Parties}, 
ISBN={978-0-7619-4314-3}, 
booktitle={Handbook of party politics}, 
publisher={SAGE}, 
author={Kitschelt, Herbert}, 
editor={Katz, Richard S. and Crotty, William J.}, 
year={2006}, 
pages={278–290} }

@book{Kriesi_Lorenzini_2020, 
address={Cambridge}, 
title={Contention in Times of Crisis: Recession and Political Protest in Thirty European Countries}, 
ISBN={978-1-108-89166-0}, 
publisher={Cambridge University Press}, 
editor={Kriesi, Hanspeter and Lorenzini, Jasmine and Wüest, Bruno and H\"{a}usermann, Silja},
year={2020} }

@article{Borbath_Hutter_2021, 
title={Protesting Parties in Europe: A comparative analysis}, 
volume={27}, 
DOI={10.1177/1354068820908023}, 
number={5}, 
journal={Party Politics}, 
author={Borbáth, Endre and Hutter, Swen}, 
year={2021}, 
pages={896–908} }

@article{Hutter_Vliegenthart_2018, 
title={Who responds to protest? Protest politics and party responsiveness in Western Europe}, 
volume={24}, 
DOI={10.1177/1354068816657375}, 
number={4}, 
journal={Party Politics}, 
author={Hutter, Swen and Vliegenthart, Rens}, 
year={2018}, 
pages={358–369} }

@book{Pasotti_2010, 
address={New York}, 
title={Political Branding in Cities: The Decline of Machine Politics in Bogotá, Naples, and Chicago}, 
ISBN={978-0-521-76205-2}, 
publisher={Cambridge University Press}, 
author={Pasotti, Eleonora}, 
year={2010} }

@article{Snyder_Ting_2002, 
title={An Informational Rationale for Political Parties}, 
volume={46}, 
DOI={10.2307/3088416}, 
number={1}, 
journal={American Journal of Political Science}, 
author={Snyder, James M. and Ting, Michael M.}, 
year={2002}, 
pages={90–110} }

@article{Gouglas_Katz_Maddens_Brans_2021, 
title={Transformational party events and legislative turnover in West European democracies, 1945–2015}, 
volume={27}, 
DOI={10.1177/1354068820944703},
number={6}, 
journal={Party Politics}, 
author={Gouglas, Athanassios and Katz, Gabriel and Maddens, Bart and Brans, Marleen}, 
year={2021}, 
pages={1211–1222} }

@article{Janda_Harmel_Edens_Goff_1995, 
title={Changes in Party Identity: Evidence from Party Manifestos}, 
volume={1}, 
DOI={10.1177/1354068895001002001}, 
number={2}, 
journal={Party Politics}, 
publisher={SAGE Publications Ltd}, 
author={Janda, Kenneth and Harmel, Robert and Edens, Christine and Goff, Patricia}, 
year={1995}, 
pages={171–196}}

@article{van_Elk_2010, 
 title={From left to right: processing acronyms referring to names of political parties activates spatial associations}, 
 volume={63}, 
 DOI={10.1080/17470218.2010.495160}, 
number={11}, 
journal={Quarterly Journal of Experimental Psychology}, 
author={van Elk, Michiel and van Schie, Hein T. and Bekkering, Harold}, 
year={2010}, 
pages={2202–2219} }

@book{Hutter_Kriesi_2019, 
address={Cambridge}, 
title={European Party Politics in Times of Crises}, 
ISBN={978-1-108-65278-0}, 
publisher={Cambridge University Press}, 
editor={Hutter, Swen and Kriesi, Hanspeter},
year={2019} }

@book{Kriesi_et_al_2012, 
address={Cambridge; New York}, 
title={Political Conflict in Western Europe}, 
ISBN={978-1-107-62594-5}, 
publisher={Cambridge University Press}, 
author={Kriesi, Hanspeter and Grande, Edgar and Dolezal, Martin and Helbling, Marc and Höglinger, Dominic and Hutter, Swen and W\"{u}est, Bruno}, 
year={2012}}

@book{Haughton_Deegan_Krause_2020, 
address={Oxford, New York}, 
series={Comparative Politics}, 
title={The New Party Challenge: Changing Cycles of Party Birth and Death in Central Europe and Beyond},
ISBN={978-0-19-881292-0}, 
publisher={Oxford University Press}, 
author={Haughton, Tim and Deegan-Krause, Kevin}, 
year={2020}}

@book{della_Porta_et_al_2017, 
 address={Cambridge; Malden}, 
 title={Movement parties against austerity}, 
 ISBN={978-1-5095-1145-7}, publisher={Polity Press}, 
 author={della Porta, Donatella and Fernández, Joseba and Kouki, Hara and Mosca, Lorenzo}, year={2017} }

@book{Doring_Manow_2021, 
title={Parliaments and governments database (ParlGov): Information on parties, elections and cabinets in modern democracies.}, 
author={D\"{o}ring, Holger and Manow, Philip}, 
year={2024},
url={https://parlgov.org}}

@book{Volkens_et_al_2021, 
title={The Manifesto Data Collection. Manifesto Project (MRG/CMP/MARPOR). Version 2021a.}, 
url={https://doi.org/10.25522/manifesto.mpds.2021a}, 
author={Volkens, Andrea and Burst, Tobias and Krause, Werner and Lehmann, Pola and Matthieß, Theres and Regel, Sven and Weßels, Bernhard and Zehnter, Lisa}, 
address={{Berlin: Wissenschaftszentrum Berlin für Sozialforschung (WZB)}}, 
year={2021} }

@book{Lehmann_et_al_2023, 
title={The Manifesto Data Collection. Manifesto Project (MRG/CMP/MARPOR). Version 2023a.}, 
url={https://doi.org/10.25522/manifesto.mpds.2023a}, 
publisher={Berlin: Wissenschaftszentrum Berlin für Sozialforschung. Göttingen: Institut für Demokratieforschung (IfDem)}, author={Lehmann, Pola and Franzmann, Simon and Burst, Tobias and Regel, Sven and Riethmüller, Felicia and Volkens, Andrea and Weßels, Bernhard and Zehnter, Lisa}, 
year={2023} }


@article{Brown_2011, 
title={Wikipedia as a Data Source for Political Scientists: Accuracy and Completeness of Coverage}, 
volume={44}, 
DOI={10.1017/S1049096511000199}, 
number={2}, 
journal={PS: Political Science \& Politics}, 
publisher={Cambridge University Press}, 
author={Brown, Adam R.}, 
year={2011}, 
pages={339–343} }

@article{Herrmann_Doring_2021, 
title={Party Positions from Wikipedia Classifications of Party Ideology}, 
DOI={10.1017/pan.2021.28}, 
journal={Political Analysis}, 
publisher={Cambridge University Press}, 
author={Herrmann, Michael and D\"{o}ring, Holger}, 
year={2023}, 
pages={22–41},
number={1},
volume={31} }

@article{Luhrmann_et_al_2020, 
title={Varieties of Party Identity and Organization (V-Party) Dataset V1}, 
DOI={https://doi.org/10.23696/vpartydsv1}, 
journal={Varieties of Democracy (V-Dem) Project}, 
author={L\"{u}hrmann, Anna and Düpont, Nils and Higashijima, Masaaki and Kavasoglu, Yaman Berker and Marquardt, Kyle L. and Bernhard, Michael and Döring, Holger and Hicken, Allen and Laebens, Melis and Lindberg, Staffan I. and Medzihorsky, Juraj and Neundorf, Anja and Reuter, Ora John and Ruth-Lovell, Saskia and Weghorst, Keith R. and Wiesehomeier, Nina and Wright, Joseph and Alizada, Nazifa and Bederke, Paul and Gastaldi, Lisa and Grahn, Sandra and Hindle, Garry and Ilchenko, Nina and Römer, Johannes von and Wilson, Steven and Pemstein, Daniel and Seim, Brigitte}, 
year={2020}}

@article{Pemstein_et_al_2020, 
title={The V-Dem Measurement Model: Latent Variable Analysis for Cross-National and Cross-Temporal Expert-Coded Data}, 
volume={5th edition.}, 
number={No. 21}, 
journal={V-Dem Working Paper. University of Gothenburg: Varieties of Democracy Institute.}, 
author={Pemstein, Daniel and Marquardt, Kyle L. and Tzelgov, Eitan and Wang, Yi-ting and Medzihorsky, Juraj and Krusell, Joshua and Miri, Farhad and von Römer, Johannes}, 
year={2020},
pages={1-30}}

@misc{Coppedge_et_al_2024,
  author       = {Coppedge, Michael and Gerring, John and Knutsen, Carl Henrik,  et al.},
  title        = {{V-Dem Codebook v14}},
  year         = {2024},
  howpublished = {Varieties of Democracy (V-Dem) Project}
}

@misc{Teorell_et_al_2025,
  author       = {Teorell, Jan and Sundström, Aksel and Holmberg, Sören and Rothstein, Bo 
                  and Alvarado Pachon, Natalia and Dalli, Cem Mert and Lopez Valverde, Rafael 
                  and Saidi Phiri, Victor and Gerber, Lauren},
  title        = {The Quality of Government Standard Dataset, version Jan25},
  year         = {2025},
  howpublished = {University of Gothenburg: The Quality of Government Institute},
  url          = {https://www.gu.se/en/quality-government},
  doi          = {10.18157/qogstdjan25},
}

@book{IDEA_2020, 
title={Voter Turnout Database}, 
publisher = {International Institute for Democracy and Electoral Assistance}, 
author={IDEA}, 
year={2024}, 
url={https://www.idea.int/data-tools/data/voter-turnout} }

@article{Bertoa_2022, 
title={Database on WHO GOVERNS in Europe and beyond}, 
url={whogoverns.eu}, 
journal={PSGo}, 
author={Casal B\'{e}rtoa, Fernando}, 
year={2022} }

@article{Enders_Tofighi_2007, 
title={Centering predictor variables in cross-sectional multilevel models: a new look at an old issue}, 
volume={12}, 
DOI={10.1037/1082-989X.12.2.121}, 
number={2}, 
journal={Psychological Methods}, 
author={Enders, Craig K. and Tofighi, Davood}, 
year={2007}, 
pages={121–138} }

@book{Roberts_2014, 
address={New York}, 
title={Changing course in Latin America: party systems in the neoliberal era}, 
ISBN={978-0-521-67326-6}, 
publisher={Cambridge University Press}, 
author={Roberts, Kenneth M.}, 
year={2014} }

@article{Garzia_2013, 
 title={Changing Parties, Changing Partisans: The Personalization of Partisan Attachments in Western Europe}, volume={34}, 
 DOI={10.1111/j.1467-9221.2012.00918.x}, 
 number={1}, 
 journal={Political Psychology}, 
 author={Garzia, Diego}, 
 year={2013}, 
 pages={67–89} }

@article{Ishiyama_Marshall_2017, 
title={What explains former rebel party name changes after a civil conflict ends? External and internal factors and the transition to political competition}, 
volume={23}, 
DOI={10.1177/1354068815600913}, 
number={4}, 
journal={Party Politics}, 
author={Ishiyama, John and Marshall, Michael},
year={2017}, 
pages={364–375}}

@article{Ishiyama_Breuning_2011, 
title={What’s in a name? Ethnic party identity and democratic development in post-communist politics}, 
volume={17}, 
DOI={10.1177/1354068810391157}, 
number={2}, journal={Party Politics}, 
author={Ishiyama, John and Breuning, Marijke}, 
year={2011}, 
pages={223–241}}

@book{Johnston_2014, 
address={Cambridge, UK \& Malden, MA}, 
title={What is a Social Movement?}, 
ISBN={978-0-7456-6084-4}, 
publisher={Polity Press}, 
author={Johnston, Hank}, year={2014} }

@article{Dass_McAll_2020, 
title={The party choice set and satisfaction with democracy}, 
volume={43}, 
DOI={10.1080/01402382.2019.1609286}, 
number={1},
journal={West European Politics}, 
author={Dassonneville, Ruth and McAllister, Ian}, 
year={2020}, 
pages={49–73}}

@book{Mudde_2007, 
title={Populist radical right parties in Europe}, 
address={Cambridge, UK},
ISBN={978-0-521-85081-0}, 
publisher={Cambridge University Press}, 
author={Mudde, Cas}, 
year={2007} }

@inbook{Meny_Surel_2002, 
address={Houndmills, UK and New York, N.Y}, 
title={The Constitutive Ambiguity of Populism}, 
ISBN={978-0-333-97004-1}, 
booktitle={Democracies and the populist challenge}, 
author={M\'{e}ny, Yves and Surel, Yves}, 
publisher={Palgrave Macmillan}, 
year={2002}, 
pages={1–21} }

@book{Bertoa_Enyedi_2021, 
address={Oxford, New York}, 
title={Party System Closure: Party Alliances, Government Alternatives, and Democracy in Europe}, 
ISBN={978-0-19-882360-5}, 
publisher={Oxford University Press}, 
author={Casal B\'{e}rtoa, Fernando and Enyedi, Zsolt}, 
year={2021}}

@book{Mair_2013, 
address={London; New York}, 
title={Ruling the void: the hollowing of western democracy}, 
ISBN={978-1-84467-324-7}, 
publisher={Verso}, 
author={Mair, Peter}, 
year={2013}}

@article{Borbath_Hutter_Leininger_2022,
year={2022},
journal={West European Politics}, 
title={Cleavage politics, polarisation, and participation in Western Europe},
author={Borb\'{a}th, Endre and Hutter, Swen and Leininger, Arndt},
volume={forthcoming}
}

@book{Bolleyer_2013, 
address={Oxford}, 
title={New Parties in Old Party Systems: Persistence and Decline in Seventeen Democracies}, 
ISBN={978-0-19-964606-7}, 
url={https://oxford.universitypressscholarship.com/10.1093/acprof:oso/9780199646067.001.0001/acprof-9780199646067},
publisher={Oxford University Press}, 
author={Bolleyer, Nicole}, 
year={2013}}

@inbook{Aldrich_1995, 
address={Chicago}, 
title={Why Parties Form?}, 
ISBN={978-0-226-01272-8}, 
booktitle={Why Parties?: The Origin and Transformation of Political Parties in America}, 
publisher={University of Chicago Press}, 
author={Aldrich, John H.}, 
year={1995}, 
pages={28–61} }

@article{Sikk_2011, 
title={Newness as a winning formula for new political parties}, 
volume={18}, 
number={4}, 
journal={Party Politics}, 
author={Sikk, Allan}, 
year={2011}, 
pages={465–486},
doi = {10.1177/1354068810389631}}

@article{Dalton_1984, 
title={Cognitive Mobilization and Partisan Dealignment in Advanced Industrial Democracies}, 
volume={46}, 
DOI={10.2307/2130444}, 
number={1}, 
journal={The Journal of Politics}, 
author={Dalton, Russell J.}, 
year={1984}, 
pages={264–284} }

@article{Fairbrother_2014, 
title={Two Multilevel Modeling Techniques for Analyzing Comparative Longitudinal Survey Datasets}, 
volume={2}, 
number={1}, 
DOI={10.1017/psrm.2013.24},
journal={Political Science Research and Methods}, 
author={Fairbrother, Malcolm}, 
year={2014}, 
pages={119–140} }

@article{Avina_2023, 
title={{Do parties benefit from overhauling their image? The electoral consequences of `party rebranding' in Europe}}, 
journal = {European Journal of Political Research},
volume={online first}, 
DOI = {10.1111/1475-6765.12607},
author={Avina, Matthias}, 
year={2023}}

@article{Pirro_Gattinara_2018, 
title={Movement parties of the far right: the organization and strategies of nativist collective actors}, 
volume={23}, 
DOI={10.17813/1086-671X-23-3-367}, 
number={3}, 
journal={Mobilization: An International Quarterly}, 
author={Pirro, Andrea and Castelli Gattinara, Pietro}, 
year={2018}, 
pages={367–383} }

@article{Borbath_Gessler_2020, 
title={Different worlds of contention? Protest in Northwestern, Southern and Eastern Europe}, 
volume={59}, 
DOI={10.1111/1475-6765.12379}, 
number={4}, 
journal={European Journal of Political Research}, 
author={Borbáth, Endre and Gessler, Theresa}, 
year={2020}, 
pages={910–935} }

@article{Auerbach_Petrova_2022, 
title={Authoritarian or Simply Disillusioned? Explaining Democratic Skepticism in Central and Eastern Europe}, 
DOI={10.1007/s11109-022-09807-0}, 
journal={Political Behavior}, 
author={Auerbach, Kiran and Petrova, Bilyana}, 
year={2022},
volume={online first}}

@article{Tavits_Letki_2009, 
title={When Left Is Right: Party Ideology and Policy in Post-Communist Europe}, 
volume={103}, 
DOI={10.2307/27798525}, 
number={4}, 
journal={The American Political Science Review}, 
author={Tavits, Margit and Letki, Natalia}, 
year={2009}, 
pages={555–569} }

@article{Engler_Pytlas_DeeganKrause_2019, 
title={Assessing the diversity of anti-establishment and populist politics in Central and Eastern Europe}, 
volume={42}, 
number={6}, 
journal={West European Politics}, 
author={Engler, Sarah and Pytlas, Bartek and Deegan-Krause, Kevin}, 
year={2019}, 
pages={1310–1336} }

@article{Casiraghi_Curini_Cusumano_2022, 
title={The colors of ideology: Chromatic isomorphism and political party logos}, 
volume={29}, 
DOI={10.1177/13540688221080539},
journal={Party Politics}, 
author={Casiraghi, Matteo CM and Curini, Luigi and Cusumano, Eugenio}, 
year={2022}, 
number={3},
publisher={SAGE Publications Ltd}, 
pages={463–474} }

@article{Dolinsky_2022, 
title={Parties' group appeals across time, countries, and communication channels -- examining appeals to social groups via the Parties’ Group Appeals Dataset}, 
DOI={10.1177/13540688221131982}, 
journal={Party Politics}, 
author={Dolinsky, Alona O}, 
year={2023},
number={6},
pages={1130–1146},
volume = {29}}

@incollection{Epstein_1966, 
address={Bloomington}, 
title={Political Parties in Western Democratic Systems}, 
booktitle={Essays in Political Science}, 
publisher={Indiana University Press}, 
author={Epstein, Leon}, 
editor={Burehrig, Edward H.}, 
year={1966}, 
pages={97–130} }

@article{Garzia_Ferreira_De_Angelis_2022, 
title={Partisan dealignment and the personalisation of politics in West European parliamentary democracies, 1961–2018}, 
volume={45}, 
DOI={10.1080/01402382.2020.1845941}, 
number={2}, 
journal={West European Politics}, 
publisher={Routledge}, 
author={Garzia, Diego and Ferreira da Silva, Frederico and De Angelis, Andrea}, 
year={2022}, 
pages={311–334} }

@article{Reiljan_Garzia_Silva_Trechsel_2023, 
title={Patterns of Affective Polarization toward Parties and Leaders across the Democratic World}, 
volume={online first}, 
DOI={10.1017/S0003055423000485}, 
journal={American Political Science Review}, 
publisher={Cambridge University Press}, 
author={Reiljan, Andres and Garzia, Diego and Silva, Frederico Ferreira Da and Trechsel, Alexander H.},
year={2023} }

@article{Somer-Topcu_2015, 
title={Everything to Everyone: The Electoral Consequences of the Broad-Appeal Strategy in Europe}, 
volume={59}, 
DOI={10.1111/ajps.12165}, 
number={4}, 
journal={American Journal of Political Science}, 
author={Somer-Topcu, Zeynep}, 
year={2015}, 
pages={841–854} }

@article{Casiraghi_Cusumano_Chryssogelos_2023, 
title={European integration and political party logos: A `visual Europeanization'?}, 
DOI={10.1177/14651165231207088}, 
journal={European Union Politics}, 
publisher={SAGE Publications}, 
author={Casiraghi, Matteo CM and Cusumano, Eugenio and Chryssogelos, Angelos}, 
year={2024}, 
volume={25}, 
number={1},
pages={86–105}}

@article{Powell_Tucker_2013, 
 title={Revisiting Electoral Volatility in Post-Communist Countries: New Data, New Results and New Approaches}, 
 volume={44}, 
 number={01}, 
 journal={British Journal of Political Science}, 
 author={Powell, Eleanor Neff and Tucker, Joshua A.}, 
 year={2013}, 
 pages={123–147} }

 @book{Engler_2023, 
 address={Oxford, New York}, 
 series={Comparative Politics}, 
 title={Centrist Anti-Establishment Parties and Their Struggle for Survival}, 
 ISBN={978-0-19-287313-2}, 
 publisher={Oxford University Press}, 
 author={Engler, Sarah}, 
 year={2023}, 
 collection={Comparative Politics} }

@book{Dassonneville_2022, 
address={Oxford, New York}, 
series={Comparative Politics}, 
title={Voters Under Pressure: Group-Based Cross-Pressure and Electoral Volatility}, 
ISBN={978-0-19-289413-7}, 
publisher={Oxford University Press}, 
author={Dassonneville, Ruth}, 
year={2022}, 
collection={Comparative Politics} }

@article{Borbath_2021, 
title={Two faces of party system stability: Programmatic change and party replacement}, 
volume={27}, 
DOI={10.1177/1354068820917628}, 
number={5}, 
journal={Party Politics}, 
publisher={SAGE Publications Ltd}, 
author={Borbáth, Endre}, 
year={2021}, 
pages={996–1008} }

@incollection{Onnudottir_Hararson_2020, 
address={Cheltenham, UK}, 
title={Party identification and its evolution over time}, 
ISBN={978-1-78811-199-7}, 
booktitle={Research Handbook on Political Partisanship}, 
publisher={Edward Elgar Publishing}, author={Önnudóttir, Eva H. and Harðarson, Ólafur Þ}, 
editor={Oscarsson, Henrik and Holmberg, Sören}, 
year={2020}, 
pages={167–176} }


@article{Dalton_2008a, 
title={The Quantity and the Quality of Party Systems Party System Polarization, Its Measurement, and Its Consequences}, 
volume={41}, 
DOI={10.1177/0010414008315860}, 
number={7}, 
journal={Comparative Political Studies}, 
author={Dalton, Russell J.}, 
year={2008}, 
pages={899–920} }

@article{Dalton_2008b,
 title={Citizenship Norms and the Expansion of Political Participation}, 
 volume={56}, 
 number={1}, 
 journal={Political Studies}, 
 author={Dalton, Russell J.}, 
 doi={10.1111/j.1467-9248.2007.00718.x},
 year={2008}, 
 pages={76–98}}

@article{Bremer_Rennwald_2022, title={Who still likes social democracy? The support base of social democratic parties reconsidered}, volume={online first}, url={https://doi.org/10.1177/13540688221093770}, DOI={10.1177/13540688221093770}, journal={Party Politics}, publisher={SAGE Publications Ltd}, author={Bremer, Björn and Rennwald, Line}, year={2022}, language={en} }

@article{John_Loken_Kim_Monga_2006, title={Brand Concept Maps: A Methodology for Identifying Brand Association Networks}, volume={43}, DOI={10.1509/jmkr.43.4.549}, abstractNote={Understanding brand equity involves identifying the network of strong, favorable, and unique brand associations in memory. This article introduces a methodology, Brand Concept Maps, for eliciting brand association networks (maps) from consumers and aggregating individual maps into a consensus map of the brand. Consensus brand maps include the core brand associations that define the brand’s image and show which brand associations are linked directly to the brand, which associations are linked indirectly to the brand, and which associations are grouped together. Two studies illustrate the Brand Concept Maps methodology and provide evidence of its reliability and validity.}, number={4}, journal={Journal of Marketing Research}, publisher={SAGE Publications Inc}, author={John, Deborah Roedder and Loken, Barbara and Kim, Kyeongheui and Monga, Alokparna Basu}, year={2006}, pages={549–563}, language={en} }

@article{French_Smith_2010, title={Measuring political brand equity: a consumer oriented approach}, volume={44}, DOI={10.1108/03090561011020534}, abstractNote={Purpose – The purpose of this paper is to develop an understanding of how voters view the political brand by analysing the mental maps that voters create when asked to think about a political party. The analysis is both in terms of the nature of the maps and also in terms of the equity associated with a map. Design/methodology/approach – A consumer‐oriented approach is developed for mapping the political brand. The brand maps are analysed to discern brand characteristics. Furthermore, methods are developed to assess the power of political brands and concomitantly, political brand equity. Findings – The method provides interesting insights into the nature and equity of brand associations for the two main political protagonists, i.e. Conservative and Labour. Key branded characteristics are highlighted for each party, both in terms of general structure, and also those associations that form a central role in voters’ maps. For the partisan sample chosen, both parties are shown to have strong brand equity, with the Conservatives slightly stronger than Labour. Practical implications – The method is straightforward to apply and provides important information to political marketers about the nature and power of the associations held in memory by voters. Taking a wider stance, the approach can be applied to any branding situation. Originality/value – This paper provides a means by which a brand mapping process, new to politics, can be combined with methods facilitating the analysis of brand maps to produce a means by which brand equity can be measured.}, number={3/4}, journal={European Journal of Marketing}, publisher={Emerald Group Publishing Limited}, author={French, Alan and Smith, Gareth}, editor={Harris, Phil and Lock, Andrew}, year={2010}, pages={460–477} }

@article{Avina_Spoon_2024, 
title={From torches to trees: Political party logo changes and voter perception}, 
DOI={10.1177/13540688241247149}, 
journal={Party Politics}, 
author={Avina, Matthias and Spoon, Jae-Jae}, 
year={2024},
volume={online first} }

@book{Hutter_Grande_Kriesi_2016, 
address={Cambridge}, 
title={Politicising Europe: Integration and Mass Politics}, 
ISBN={978-1-107-12941-2}, 
DOI={10.1017/CBO9781316422991}, 
publisher={Cambridge University Press}, 
author={Hutter, Swen and Grande, Edgar and Kriesi, Hanspeter}, 
year={2016} }

@book{de_Wilde_Koopmans_Merkel_Strijbis_Zurn_2019, 
address={Cambridge; New York}, 
title={The Struggle Over Borders: Cosmopolitanism and Communitarianism}, 
ISBN={978-1-108-71822-6}, 
publisher={Cambridge University Press}, 
author={de Wilde, Pieter and Koopmans, Ruud and Merkel, Wolfgang and Strijbis, Oliver and Zürn, Michael}, 
year={2019} }

@book{Van_Kessel_2015, 
address={London}, 
title={Populist Parties in Europe}, 
ISBN={978-1-349-49012-7}, 
DOI={10.1057/9781137414113}, 
publisher={Palgrave Macmillan UK}, 
author={Van Kessel, Stijn}, 
year={2015} }

@book{Castelli_Gattinara_Pirro_2024, 
address={Oxford; New York}, 
title={Movement Parties of the Far Right: Understanding Nativist Mobilization}, 
ISBN={978-0-19-889208-3}, 
publisher={Oxford  University Press}, 
author={Castelli Gattinara, Pietro and Pirro, Andrea L. P.}, 
year={2024} }

@article{Valgardsson_Jennings_Stoker_Bunting_Devine_McKay_Klassen_2025, 
title={A Crisis of Political Trust? Global Trends in Institutional Trust from 1958 to 2019}, 
volume={55}, DOI={10.1017/S0007123424000498}, 
journal={British Journal of Political Science}, 
author={Valgar{\dh}sson, Viktor and Jennings, Will and Stoker, Gerry and Bunting, Hannah and Devine, Daniel and McKay, Lawrence and Klassen, Andrew},
year={2025}, 
pages={e15} }

@article{Bohle_Greskovits_Naczyk_2024, 
title={The Gramscian politics of Europe’s rule of law crisis}, 
volume={31}, 
DOI={10.1080/13501763.2023.2182342}, 
number={7}, 
journal={Journal of European Public Policy}, 
publisher={Routledge}, 
author={Bohle, Dorothee and Greskovits, Béla and Naczyk, Marek}, 
year={2024}, 
pages={1775–1798} }

@article{McCoy_Rahman_Somer_2018, 
title={Polarization and the Global Crisis of Democracy: Common Patterns, Dynamics, and Pernicious Consequences for Democratic Polities}, 
volume={62}, 
DOI={10.1177/0002764218759576}, 
number={1}, 
journal={American Behavioral Scientist}, 
publisher={SAGE Publications Inc}, 
author={McCoy, Jennifer and Rahman, Tahmina and Somer, Murat}, 
year={2018}, 
pages={16–42} }

@book{Popkin_1994, 
address={Chicago, IL}, 
title={The Reasoning Voter: Communication and Persuasion in Presidential Campaigns}, 
ISBN={978-0-226-67545-9}, 
publisher={University of Chicago Press}, 
author={Popkin, Samuel L.},
year={1994} }

@article{Lau_Redlawsk_2001, 
title={Advantages and Disadvantages of Cognitive Heuristics in Political Decision Making}, 
volume={45}, 
DOI={10.2307/2669334}, 
number={4}, 
journal={American Journal of Political Science}, 
author={Lau, Richard R. and Redlawsk, David P.}, 
year={2001}, 
pages={951–971} }

@book{Lau_Redlawsk_2006, 
address={Cambridge}, 
series={Cambridge Studies in Public Opinion and Political Psychology}, 
title={How Voters Decide: Information Processing in Election Campaigns}, 
ISBN={978-0-521-84859-6}, 
DOI={10.1017/CBO9780511791048}, 
publisher={Cambridge University Press}, 
author={Lau, Richard R. and Redlawsk, David P.}, 
year={2006}, 
collection={Cambridge Studies in Public Opinion and Political Psychology} }

@book{Brennan_Lomasky_1997, 
title={Democracy and Decision: The Pure Theory of Electoral Preference}, 
ISBN={978-0-521-58524-8}, 
publisher={Cambridge University Press}, 
author={Brennan, Geoffrey and Lomasky, Loren}, 
year={1997} }

@article{Schuessler_2000, 
title={Expressive Voting}, 
volume={12}, 
DOI={10.1177/104346300012001005}, 
number={1}, 
journal={Rationality and Society}, 
publisher={SAGE Publications Ltd}, 
author={Schuessler, Alexander A.}, 
year={2000}, 
pages={87–119} }

@article{Hamlin_Jennings_2011, 
title={Expressive Political Behaviour: Foundations, Scope and Implications}, 
volume={41}, 
DOI={10.1017/S0007123411000020}, 
number={3}, 
journal={British Journal of Political Science}, 
author={Hamlin, Alan and Jennings, Colin}, 
year={2011}, 
pages={645–670} }

@book{Hobolt_Tilley_2014, 
title={Blaming Europe?: Responsibility Without Accountability in the European Union}, 
ISBN={978-0-19-966568-6}, 
DOI={10.1093/acprof:oso/9780199665686.003.0001}, 
publisher={Oxford University Press}, 
author={Hobolt, Sara B. and Tilley, James}, 
year={2014} }

@article{Kam_2005, 
title={Who Toes the Party Line? Cues, Values, and Individual Differences}, 
volume={27}, 
DOI={10.1007/s11109-005-1764-y}, 
number={2}, 
journal={Political Behavior}, 
author={Kam, Cindy D.}, 
year={2005}, 
pages={163–182} }

@article{rojon2025comparing,
  title={Comparing political participation profiles in four Western European countries},
  author={Rojon, Sebastien and Pankowska, Paulina K and Vittori, Davide and Paulis, Emilien},
  journal={European Journal of Political Research},
  volume={64},
  number={1},
  pages={251--275},
  year={2025},
  publisher={Wiley Online Library}
}

@article{oser2022protest,
  title={Protest as one political act in individuals’ participation repertoires: Latent class analysis and political participant types},
  author={Oser, Jennifer},
  journal={American Behavioral Scientist},
  volume={66},
  number={4},
  pages={510--532},
  year={2022},
  publisher={SAGE Publications Sage CA: Los Angeles, CA}
}

@article{Dickson_hobolt_2024,
author = {Zachary P. Dickson and Sara B. Hobolt},
title ={Going Against the Grain: Climate Change as a Wedge Issue for the Radical Right},
journal = {Comparative Political Studies},
volume = {0},
number = {0},
pages = {00104140241271297},
year = {2024},
doi = {10.1177/00104140241271297},
URL = {https://doi.org/10.1177/00104140241271297},
eprint = {https://doi.org/10.1177/00104140241271297}}

@article{Scammell_2015, title={Politics and Image: The Conceptual Value of Branding}, volume={14}, DOI={10.1080/15377857.2014.990829}, number={1–2}, journal={Journal of Political Marketing}, publisher={Routledge}, author={Scammell, Margaret}, year={2015}, pages={7–18} }

@book{Kornberger_2010, address={Cambridge}, title={Brand Society: How Brands Transform Management and Lifestyle}, ISBN={978-0-521-89826-3}, DOI={10.1017/CBO9780511802881}, publisher={Cambridge University Press}, author={Kornberger, Martin}, year={2010} }

@book{Clifton_2009, address={New York}, title={Brands and Branding, Second Edition}, ISBN={978-1-57660-350-5}, publisher={Bloomberg Press}, author={Clifton, Rita}, year={2009} }

@book{Tsebelis_1991, address={Berkeley}, title={Nested Games: Rational Choice in Comparative Politics}, ISBN={978-0-520-07651-8}, publisher={University of California Press}, author={Tsebelis, George}, year={1991} }

@article{Ishiyama_Rybalko_2023, title={A Rumbling from Below? Opposition Party Rebranding, Regional Elections, and Transforming the Regime in Russia}, volume={22}, DOI={10.1080/15377857.2023.2221934}, number={3–4}, journal={Journal of Political Marketing}, publisher={Routledge}, author={Ishiyama, John and Rybalko, Mikhail}, year={2023}, pages={232–247} }

@article{Titelman_Lauderdale_2025, title={The effects of party labels on vote choice with realistic candidate differentiation}, volume={13}, DOI={10.1017/psrm.2024.20}, number={3}, journal={Political Science Research and Methods}, author={Titelman, Noam and Lauderdale, Benjamin E.}, year={2025}, pages={591–610} }

@article{lorrain2017,
  author  = {François-Guillaume Lorrain},
  title   = {Quand l’Histoire se met en marche},
  journal = {Le Point},
  year    = {2017},
  month   = {July},
  day     = {31},
  note    = {Retrieved from \url{https://www.lepoint.fr/histoire/quand-l-histoire-se-met-en-marche-31-07-2017-2147106_1615.php} (accessed July 18, 2025)},
  language = {French}
}

